<record><leader>00000cas a2200000 a 4500</leader><controlfield tag="001">11201498</controlfield><controlfield tag="008">840927d18861888ksudr ne      0   a0eng d</controlfield><controlfield tag="009">3789</controlfield><datafield ind1=" " ind2=" " tag="010"><subfield code="a">sn 84029602 </subfield></datafield><datafield ind1=" " ind2=" " tag="040"><subfield code="a">KSH</subfield><subfield code="b">eng</subfield><subfield code="c">KSH</subfield><subfield code="d">NPT</subfield><subfield code="d">OCL</subfield></datafield><datafield ind1=" " ind2=" " tag="042"><subfield code="a">msc</subfield></datafield><datafield ind1="0" ind2=" " tag="130"><subfield code="a">Evening tribune (Lawrence, Kan. : 1886)</subfield></datafield><datafield ind1="0" ind2="4" tag="245"><subfield code="a">The Evening tribune.</subfield></datafield><datafield ind1=" " ind2=" " tag="260"><subfield code="a">Lawrence, Kan. :</subfield><subfield code="b">W.F. Chalfant,</subfield><subfield code="c">1886-1888.</subfield></datafield><datafield ind1=" " ind2=" " tag="300"><subfield code="a">3 v. :</subfield><subfield code="b">ill. ;</subfield><subfield code="c">55-60 cm.</subfield></datafield><datafield ind1=" " ind2=" " tag="310"><subfield code="a">Daily</subfield></datafield><datafield ind1="0" ind2=" " tag="362"><subfield code="a">No. 115 (May 14, 1886)-no. 171 (July 20, 1888).</subfield></datafield><datafield ind1=" " ind2=" " tag="500"><subfield code="a">Published by W.F. Chalfant &amp; Son, June 4-July 20, 1888.</subfield></datafield><datafield ind1=" " ind2=" " tag="580"><subfield code="a">Issued also in weekly edition called: Lawrence tribune, May 14, 1886-July 20, 1888.</subfield></datafield><datafield ind1=" " ind2=" " tag="752"><subfield code="a">United States</subfield><subfield code="b">Kansas</subfield><subfield code="c">Douglas</subfield><subfield code="d">Lawrence.</subfield></datafield><datafield ind1="1" ind2=" " tag="775"><subfield code="t">Lawrence tribune</subfield><subfield code="w">(DLC)sn 84029637</subfield></datafield><datafield ind1="0" ind2="0" tag="780"><subfield code="t">Daily herald and tribune</subfield><subfield code="w">(DLC)sn 84029601</subfield></datafield><datafield ind1="0" ind2="7" tag="785"><subfield code="t">Evening telegram (Lawrence, Kan.)</subfield><subfield code="w">(DLC)sn 84029599</subfield></datafield><datafield ind1="0" ind2="7" tag="785"><subfield code="t">Evening tribune and evening telegram</subfield><subfield code="w">(DLC)sn 84029577</subfield></datafield></record>